@article{schmitt2018,
  author    = {Jonas Schmitt and Harald Kostler and Jan Eitzinger and Richard Membarth},
  title     = {Unified Code Generation for the Parallel Computation of Pairwise Interactions using Partial Evaluation},
  journal   = {17th International Symposium on Parallel and Distributed Computing},
  year      = {2018}
}

